@misc{bickerton_2021_honours,
  author = {Bickerton, Robert T.},
  month = {01},
  publisher = {The University of Edinburgh},
  title = {Honours Complex Variables},
  urldate = {2021-01-19},
  year = {2021}
}
@misc{weisstein_matchstick,
  author = {Weisstein, Eric W.},
  title = {Matchstick Graph},
  url = {http://mathworld.wolfram.com/MatchstickGraph.html},
  urldate = {2021-02-18},
  organization = {mathworld.wolfram.com}
}
@misc{Connelly_2017_Math,
    author = {Connelly, Bob},
    month = {11},
    publisher = {Cornell University},
    title = {Math 4520: Classical Geometries},
    url = {http://pi.math.cornell.edu/~web4520/},
    urldate = {2021-03-19},
    year = {2017}
}
@misc{Bak_Newman_2010_Complex,
    author = {Bak, Newman},
    publisher = {Springer},
    title = {Complex Analysis},
    url = {https://doi-org.ezproxy.is.ed.ac.uk/10.1007/978-1-4419-7288-0},
    urldate = {2021-03-19},
    year = {2010}
}